
  <record type="Authority">
    <leader>00000nz  a2200000n  4500</leader>
    <controlfield tag="001">000001910</controlfield>
    <controlfield tag="003">DE-101</controlfield>
    <controlfield tag="005">20100424123157.0</controlfield>
    <controlfield tag="008">890418n||aznnnaabn           | ana    |c</controlfield>
    <datafield tag="024" ind1="7" ind2=" ">
      <subfield code="a">http://d-nb.info/gnd/191-0</subfield>
      <subfield code="2">uri</subfield>
    </datafield>
    <datafield tag="035" ind1=" " ind2=" ">
      <subfield code="a">(DE-101)000001910</subfield>
    </datafield>
    <datafield tag="035" ind1=" " ind2=" ">
      <subfield code="a">(DE-588)191-0</subfield>
    </datafield>
    <datafield tag="035" ind1=" " ind2=" ">
      <subfield code="z">(DE-588b)191-0</subfield>
      <subfield code="9">v:zg</subfield>
    </datafield>
    <datafield tag="040" ind1=" " ind2=" ">
      <subfield code="a">DE-1</subfield>
      <subfield code="9">r:DE-1</subfield>
      <subfield code="b">ger</subfield>
      <subfield code="d">9999</subfield>
    </datafield>
    <datafield tag="043" ind1=" " ind2=" ">
      <subfield code="c">XA-ES</subfield>
    </datafield>
    <datafield tag="079" ind1=" " ind2=" ">
      <subfield code="a">g</subfield>
      <subfield code="b">b</subfield>
      <subfield code="c">1</subfield>
      <subfield code="q">f</subfield>
      <subfield code="u">z</subfield>
    </datafield>
    <datafield tag="110" ind1="2" ind2=" ">
      <subfield code="a">Consejo Superior de Investigaciones Científicas</subfield>
      <subfield code="b">División de Ciencias Matemáticas, Médicas y de la Naturaleza</subfield>
    </datafield>
    <datafield tag="510" ind1="2" ind2=" ">
      <subfield code="0">(DE-101)000364169</subfield>
      <subfield code="0">(DE-588)36416-2</subfield>
      <subfield code="0">http://d-nb.info/gnd/36416-2</subfield>
      <subfield code="a">Consejo Superior de Investigaciones Científicas</subfield>
      <subfield code="9">4:adue</subfield>
      <subfield code="w">r</subfield>
      <subfield code="i">Ueberordnung</subfield>
      <subfield code="e">Ueberordnung</subfield>
    </datafield>
    <datafield tag="913" ind1=" " ind2=" ">
      <subfield code="S">gkd</subfield>
      <subfield code="i">a</subfield>
      <subfield code="a">Consejo Superior de Investigaciones Científicas / División de Ciencias Matemáticas, Médicas y de la Naturaleza</subfield>
      <subfield code="0">(DE-588b)191-0</subfield>
    </datafield>
  </record>